<?xml version="1.0" encoding="UTF-8"?>
<collection xmlns="http://www.loc.gov/MARC21/slim">
  <!-- title and titleStr: 245 no n or p -->
  <record>
    <leader>66662cim  2200457Ia 45í0</leader>
    <controlfield tag="001">a245NoNorP</controlfield>
    <controlfield tag="008">041202s2000    mdunnn  s      f    eng d</controlfield>
    <datafield tag="245" ind1="1" ind2="4">
      <subfield code="a">245 no subfield n or p</subfield>
      <subfield code="h">[electronic resource] /</subfield>
      <subfield code="c">by John Sandford.</subfield>
    </datafield>
  </record>