

  <!-- title and titleStr: 245 p but no n -->
  <record>
    <leader>66662cim  2200457Ia 45í0</leader>
    <controlfield tag="001">a245pNotn</controlfield>
    <controlfield tag="008">041202s2000    mdunnn  s      f    eng d</controlfield>
    <datafield tag="245" ind1="1" ind2="0">
      <subfield code="a">245 p but no n.</subfield>
      <subfield code="b">subfield b</subfield>
      <subfield code="p">Student handbook.</subfield>
    </datafield>
  </record>