

  <!-- title and titleStr: 245 n and p -->
  <record>
    <leader>66662cim  2200457Ia 45í0</leader>
    <controlfield tag="001">a245nAndp</controlfield>
    <controlfield tag="008">041202s2000    mdunnn  s      f    eng d</controlfield>
    <datafield tag="245" ind1="1" ind2="0">
      <subfield code="a">245 n and p:</subfield>
      <subfield code="n">A,</subfield>
      <subfield code="p">The humanities and social sciences.</subfield>
    </datafield>
  </record>