

  <!-- title and titleStr: 245 p then n -->
  <record>
    <leader>66662cim  2200457Ia 45í0</leader>
    <controlfield tag="001">a245pThenn</controlfield>
    <controlfield tag="008">041202s2000    mdunnn  s      f    eng d</controlfield>
    <datafield tag="245" ind1="1" ind2="0">
      <subfield code="a">245 p then n</subfield>
      <subfield code="p">Wöchentliches Verzeichnis.</subfield>
      <subfield code="n">Reihe B,</subfield>
    </datafield>
  </record>