

  <!-- oldTitle: 780 a but no t -->
  <record>
    <leader>66662cim  2200457Ia 45í0</leader>
    <controlfield tag="001">a780aNott</controlfield>
    <controlfield tag="008">041202s2000    mdunnn  s      f    eng d</controlfield>
    <datafield tag="245" ind1="1" ind2="0">
      <subfield code="a">780 a but no t</subfield>
    </datafield>
    <datafield tag="780" ind1="0" ind2="2">
      <subfield code="a">780 subfield a only</subfield>
    </datafield>
  </record>