

<!-- non-filing characters -->
  <!-- 0 non-filing chars -->
  <record>
    <leader>00941nam a22002651  4500</leader>
    <controlfield tag="001">a115472</controlfield>
    <controlfield tag="008">740123s1966    ii a          000 0 eng  </controlfield>
    <datafield tag="245" ind1="1" ind2="0">
      <subfield code="a">India and the European Economic Community.</subfield>
    </datafield>
   </record>