

  <!-- blank indicator 2 -->
  <record>
    <leader>00988nas a2200193z  4500</leader>
    <controlfield tag="001">a7117119</controlfield>
    <controlfield tag="008">071214uuuuuuuuuxx uu |ss    u|    |||| d</controlfield>
    <datafield tag="245" ind1="1" ind2=" ">
      <subfield code="a">HOUSING CARE AND SUPPORT PUTTING GOOD IDEAS INTO PRACTICE</subfield>
    </datafield>
  </record>