
  
  <!-- 2 non-filing chars -->
  <record>
    <leader>01139cam a2200229 i 4500</leader>
    <controlfield tag="001">a1962398</controlfield>
    <controlfield tag="008">790220||||||||||||           ||| | eng  </controlfield>
    <datafield tag="245" ind1="1" ind2="2">
      <subfield code="a">A guide to resources in United States libraries /</subfield>
      <subfield code="c">compiled by David S. Zubatsky.</subfield>
    </datafield>
  </record>