
  
  <record>
    <leader>00651nam a22001575? 4500</leader>
    <controlfield tag="001">a666</controlfield>
    <controlfield tag="008">910118s1990||||gw |||||||||||||||||ger|d</controlfield>
    <datafield tag="240" ind1="1" ind2="0">
      <subfield code="a">De incertitudine et vanitate scientiarum.</subfield>
      <subfield code="l">German</subfield>
    </datafield>
    <datafield tag="245" ind1="1" ind2="0">
      <subfield code="a">ZZZZ</subfield>
    </datafield>
  </record>