
  
  <!-- numeric subfields -->
  
  <!-- 130 field with initial numeric subfield -->
  <record>
    <leader>01260cam a2200349 a 4500</leader>
    <controlfield tag="001">a1306</controlfield>
    <controlfield tag="008">000828s2000    it       b    000 0 ita c</controlfield>
    <datafield tag="130" ind1="0" ind2=" ">
      <subfield code="6">880-01</subfield>
      <subfield code="a">Sox on Fox</subfield>
    </datafield>
    <datafield tag="245" ind1="0" ind2="0">
      <subfield code="a">130 has sub 6</subfield>
    </datafield>
  </record>