
  
  <!-- 240 field with initial numeric subfield -->
  <record>
    <leader>01260cam a2200349 a 4500</leader>
    <controlfield tag="001">a24025</controlfield>
    <controlfield tag="008">000828s2000    it       b    000 0 ita c</controlfield>
    <datafield tag="240" ind1="0" ind2="0">
      <subfield code="2">ignore me</subfield>
      <subfield code="a">la di dah</subfield>
      <subfield code="5">NjP</subfield>
    </datafield>
    <datafield tag="245" ind1="0" ind2="0">
      <subfield code="a">240 has sub 2 and 5</subfield>
    </datafield>
  </record>