
  <record>
    <leader>01260cam a2200349 a 4500</leader>
    <controlfield tag="001">a999</controlfield>
    <controlfield tag="008">000828s2000    it       b    000 0 ita c</controlfield>
    <datafield tag="245" ind1="0" ind2="0">
      <subfield code="a">every!&quot;#$%&amp;&apos;()*+,-./:;&lt;=&gt;?@[\]^_`{|}~thing</subfield>
    </datafield>
  </record>

</collection>
